<?xml version="1.0" encoding="UTF-8" ?>
<collection xmlns:xsi="http://www.w3.org/2001/XMLSchema-instance"
    xsi:schemaLocation="http://www.loc.gov/MARC21/slim
        http://www.loc.gov/standards/marcxml/schema/MARC21slim.xsd"
    xmlns="http://www.loc.gov/MARC21/slim">
<record>
  <leader>00212cam a2200385 i 4500</leader>
  <controlfield tag="001">b12788661</controlfield>
  <controlfield tag="003">LeBAU</controlfield>
  <controlfield tag="005">20140122</controlfield>
  <controlfield tag="008">971208s1947    le            ||0 0 ara d</controlfield>
  <datafield tag="035" ind1=" " ind2=" ">
    <subfield code="a">ocn784513603</subfield>
  </datafield>
  <datafield tag="040" ind1=" " ind2=" ">
    <subfield code="a">LEAUB</subfield>
    <subfield code="b">ara</subfield>
    <subfield code="e">rda</subfield>
    <subfield code="c">LEAUB</subfield>
    <subfield code="d">LEAUB</subfield>
  </datafield>
  <datafield tag="082" ind1="0" ind2="4">
    <subfield code="a">349.569</subfield>
    <subfield code="2">22</subfield>
  </datafield>
  <datafield tag="110" ind1="1" ind2=" ">
    <subfield code="6">880-01</subfield>
    <subfield code="a">Lebanon.</subfield>
    <subfield code="b">Wizārat al-‘Adl,</subfield>
    <subfield code="e">issuing body.</subfield>
  </datafield>
  <datafield tag="240" ind1="1" ind2="0">
    <subfield code="6">880-02</subfield>
    <subfield code="a">Lubnān. Qawānīn, ilakh</subfield>
  </datafield>
  <datafield tag="245" ind1="1" ind2="0">
    <subfield code="6">880-03</subfield>
    <subfield code="a">Fihris; qarārāt al-mufawwaḍiyah al-‘ulyā wa-al-mandūbīyah al-‘āmmah al-Faransīyah sābiqan al-manshūrah fī al-nashrah al-rasmīyah lil-mufawwaḍiyah al-‘ulyā mundhu sanat 1920 ilá 1944; jadwal bi-alqarārāt al-ṣādirah mundhu sanat 1920 ilá 1938 wa-al-ghayr mulghāt ṣarāḥatan; jadwal bi-al-qarārāt allatī ulghiyat bi-nuṣūṣ tashrī‘īyah ṣādirah ba‘da sanat 1938 /</subfield>
    <subfield code="c">al-Jumhūrīyah al-Lubnānīyah, Wazārat al-‘Adl.</subfield>
  </datafield>
  <datafield tag="264" ind1=" " ind2="1">
    <subfield code="6">880-04</subfield>
    <subfield code="a">Bayrūt :</subfield>
    <subfield code="b">Maṭba‘at Dār al-Funūn,</subfield>
    <subfield code="c">1947.</subfield>
  </datafield>
  <datafield tag="300" ind1=" " ind2=" ">
    <subfield code="6">880-05</subfield>
    <subfield code="a">t, 105 pages ;</subfield>
    <subfield code="c">28 cm</subfield>
  </datafield>
  <datafield tag="336" ind1=" " ind2=" ">
    <subfield code="a">text</subfield>
    <subfield code="b">txt</subfield>
    <subfield code="2">rdacontent</subfield>
  </datafield>
  <datafield tag="337" ind1=" " ind2=" ">
    <subfield code="a">unmediated</subfield>
    <subfield code="b">n</subfield>
    <subfield code="2">rdamedia</subfield>
  </datafield>
  <datafield tag="338" ind1=" " ind2=" ">
    <subfield code="a">volume</subfield>
    <subfield code="b">nc</subfield>
    <subfield code="2">rdacarrier</subfield>
  </datafield>
  <datafield tag="500" ind1=" " ind2=" ">
    <subfield code="a">عنوان تجليد: فهرس قرارات المفوضية العليا.</subfield>
  </datafield>
  <datafield tag="505" ind1="0" ind2="0">
    <subfield code="t"> فهرس:</subfield>
    <subfield code="g">1.</subfield>
    <subfield code="t">قرارات المفوضية العليا والمندوبية العامة الفرنسية سابقا المنشورة في النشرة الرسمية للمفوضية العليا منذ سنة 1920 إلى 1944 --</subfield>
    <subfield code="g">2.</subfield>
    <subfield code="t">جدول بالقرارات الصادرة منذ سنة 1920 إلى 1938 والغير ملغاة صراحة --</subfield>
    <subfield code="g">3.</subfield>
    <subfield code="t">جدول بالقرارات التي ألغيت بنصوص تشريعية صادرة بعد سنة 1938.</subfield>
  </datafield>
  <datafield tag="650" ind1=" " ind2="4">
    <subfield code="a">الجرائد الرسمية</subfield>
    <subfield code="z">لبنان</subfield>
    <subfield code="v">فهارس.</subfield>
  </datafield>
  <datafield tag="650" ind1=" " ind2="0">
    <subfield code="a">Gazettes</subfield>
    <subfield code="z">Lebanon</subfield>
    <subfield code="v">Indexes.</subfield>
  </datafield>
  <datafield tag="852" ind1=" " ind2=" ">
    <subfield code="a">Jafet Reference</subfield>
    <subfield code="e">American University of Beirut, Bliss Street , Beirut, Lebanon.</subfield>
  </datafield>
  <datafield tag="880" ind1="1" ind2=" ">
    <subfield code="6">110-01/(3/r</subfield>
    <subfield code="a">لبنان.</subfield>
    <subfield code="b">وزارة العدل،</subfield>
    <subfield code="e">مؤلف. </subfield>
    <subfield code="4">aut.</subfield>
  </datafield>
  <datafield tag="880" ind1="1" ind2="0">
    <subfield code="6">240-02</subfield>
    <subfield code="a">لبنان. قوانين، الخ</subfield>
  </datafield>
  <datafield tag="880" ind1="1" ind2="0">
    <subfield code="6">245-03/(3/r</subfield>
    <subfield code="a">فهرس؛ قرارات المفوضية العليا و المندوبية العامة الفرنسية سابقا المنشورة في النشرة الرسمية للمفوضية العليا منذ سنة 1920 إلى 1944؛ جدول بالقرارات الصادرة منذ سنة 1920 إلى 1938 والغير ملغاة صراحة؛ جدول بالقرارات التي ألغيت بنصوص تشريعية صادرة بعد سنة 1938 /</subfield>
    <subfield code="c">الجمهورية اللبنانية، وزارة العدل.</subfield>
  </datafield>
  <datafield tag="880" ind1=" " ind2="1">
    <subfield code="6">264-04/(3/r</subfield>
    <subfield code="a">بيروت :</subfield>
    <subfield code="b">مطبعة دار الفنون،</subfield>
    <subfield code="c">1947.</subfield>
  </datafield>
  <datafield tag="880" ind1=" " ind2=" ">
    <subfield code="6">300-05/(3/r</subfield>
    <subfield code="a"> ط ، 105 صفحات ؛</subfield>
    <subfield code="c">28 سم</subfield>
  </datafield>
  <datafield tag="907" ind1=" " ind2=" ">
    <subfield code="a">.b12788661</subfield>
    <subfield code="b">16-01-20</subfield>
    <subfield code="c">11-05-24</subfield>
  </datafield>
  <datafield tag="907" ind1=" " ind2=" ">
    <subfield code="a">.b12788661</subfield>
    <subfield code="b">11-10-11</subfield>
    <subfield code="c">11-05-24</subfield>
  </datafield>
  <datafield tag="945" ind1=" " ind2=" ">
    <subfield code="f">RLEB</subfield>
    <subfield code="a">349.569:F81nA:Index:1920-1944:c.1</subfield>
    <subfield code="g">1</subfield>
    <subfield code="i">01071782</subfield>
    <subfield code="j">.i13383681</subfield>
    <subfield code="l">u0607</subfield>
  </datafield>
  <datafield tag="998" ind1=" " ind2=" ">
    <subfield code="a">u06</subfield>
    <subfield code="b">97-12-08</subfield>
    <subfield code="c">m</subfield>
    <subfield code="d">a</subfield>
    <subfield code="e">-</subfield>
    <subfield code="f">ara</subfield>
    <subfield code="g">le </subfield>
    <subfield code="h">0</subfield>
    <subfield code="i">1</subfield>
  </datafield>
</record>
</collection>
